<record><leader>00000cas a2200000 a 4500</leader><controlfield tag="001">7955665</controlfield><controlfield tag="008">811125c19809999dcuwr ne      0   a0eng c</controlfield><datafield ind1=" " ind2=" " tag="010"><subfield code="a">sn 81002355 </subfield></datafield><datafield ind1=" " ind2=" " tag="040"><subfield code="a">NSD</subfield><subfield code="b">eng</subfield><subfield code="c">NSD</subfield><subfield code="d">OCL</subfield><subfield code="d">NST</subfield><subfield code="d">ELM</subfield><subfield code="d">COO</subfield><subfield code="d">EYM</subfield><subfield code="d">KNP</subfield><subfield code="d">CVF</subfield><subfield code="d">DCN</subfield><subfield code="d">NVF</subfield><subfield code="d">CVF</subfield><subfield code="d">NYS</subfield><subfield code="d">OCLCQ</subfield><subfield code="d">DLC</subfield><subfield code="d">OCLCQ</subfield><subfield code="d">DLC</subfield><subfield code="d">OCLCQ</subfield><subfield code="d">OCLCF</subfield><subfield code="d">INU</subfield><subfield code="d">DLC</subfield></datafield><datafield ind1=" " ind2=" " tag="012"><subfield code="i">9001</subfield><subfield code="m">1</subfield></datafield><datafield ind1="1" ind2=" " tag="022"><subfield code="a">0278-9892</subfield><subfield code="l">0278-9892</subfield><subfield code="2">1</subfield></datafield><datafield ind1="1" ind2=" " tag="029"><subfield code="a">NZ1</subfield><subfield code="b">16068708</subfield></datafield><datafield ind1=" " ind2=" " tag="032"><subfield code="a">438330</subfield><subfield code="b">USPS</subfield></datafield><datafield ind1=" " ind2=" " tag="042"><subfield code="a">nsdp</subfield><subfield code="a">pcc</subfield></datafield><datafield ind1=" " ind2=" " tag="043"><subfield code="a">n-us-dc</subfield></datafield><datafield ind1="0" ind2="0" tag="050"><subfield code="a">CURRENT ISSUES ONLY</subfield></datafield><datafield ind1="1" ind2="4" tag="050"><subfield code="a">HQ75</subfield><subfield code="b">.G2634</subfield></datafield><datafield ind1=" " ind2="4" tag="222"><subfield code="a">The Washington blade</subfield></datafield><datafield ind1="0" ind2="4" tag="245"><subfield code="a">The Washington blade.</subfield></datafield><datafield ind1=" " ind2=" " tag="260"><subfield code="a">Washington, D.C. :</subfield><subfield code="b">Washington Blade, Inc.,</subfield><subfield code="c">1980-</subfield></datafield><datafield ind1="2" ind2=" " tag="260"><subfield code="3">-Nov. 13, 2009 :</subfield><subfield code="a">Washington, D.C. :</subfield><subfield code="b">Window Media LLC</subfield></datafield><datafield ind1="3" ind2=" " tag="260"><subfield code="3">Apr. 30, 2010- :</subfield><subfield code="a">Washington, D.C. :</subfield><subfield code="b">Brown Naff Pitts Omnimedia, Inc.</subfield></datafield><datafield ind1=" " ind2=" " tag="300"><subfield code="a">v. :</subfield><subfield code="b">ill. ;</subfield><subfield code="c">38 cm.</subfield></datafield><datafield ind1=" " ind2=" " tag="310"><subfield code="a">Weekly,</subfield><subfield code="b">Nov. 18, 1983-</subfield></datafield><datafield ind1=" " ind2=" " tag="321"><subfield code="a">Weekly (except for 1 week in Dec. and Aug.),</subfield><subfield code="b">Sept. 10, 1982-Nov. 11, 1983</subfield></datafield><datafield ind1=" " ind2=" " tag="321"><subfield code="a">Biweekly,</subfield><subfield code="b">Oct. 10, 1980-Oct. 23, 1981</subfield></datafield><datafield ind1=" " ind2=" " tag="321"><subfield code="a">Biweekly (except for 1 week in Dec. and Aug.),</subfield><subfield code="b">Nov. 6, 1981-Sept. 3, 1982</subfield></datafield><datafield ind1="0" ind2=" " tag="362"><subfield code="a">Vol. 11, no. 20 (Oct. 10, 1980)-v. 40, no. 46 (Nov. 13, 2009); vol. 41, issue 18 (Apr. 30, 2010)-</subfield></datafield><datafield ind1=" " ind2=" " tag="530"><subfield code="a">Available on microfilm from the Library of Congress Photoduplication Service.</subfield></datafield><datafield ind1=" " ind2=" " tag="530"><subfield code="a">Also issued via the Internet.</subfield></datafield><datafield ind1=" " ind2=" " tag="580"><subfield code="a">Suspended after v. 40, no. 46 (Nov. 13, 2009) when DC agenda began publication. Resumed publication with v. 41, no. 18 (Apr. 30, 2010) when DC agenda ceased publication, being incorporated inside the Washington blade as its arts and entertainment guide.</subfield></datafield><datafield ind1=" " ind2=" " tag="588"><subfield code="a">Latest issue consulted: Vol. 41, issue 19 (May 7, 2010).</subfield></datafield><datafield ind1=" " ind2="0" tag="650"><subfield code="a">Gay men</subfield><subfield code="v">Newspapers.</subfield></datafield><datafield ind1=" " ind2="0" tag="650"><subfield code="a">Lesbians</subfield><subfield code="v">Newspapers.</subfield></datafield><datafield ind1=" " ind2="0" tag="650"><subfield code="a">Homosexuality</subfield><subfield code="v">Newspapers.</subfield></datafield><datafield ind1=" " ind2="0" tag="650"><subfield code="a">Gay liberation movement</subfield><subfield code="z">United States</subfield><subfield code="v">Newspapers.</subfield></datafield><datafield ind1=" " ind2="0" tag="650"><subfield code="a">Gays</subfield><subfield code="z">Washington (D.C.)</subfield><subfield code="v">Newspapers.</subfield></datafield><datafield ind1=" " ind2="0" tag="651"><subfield code="a">Washington (D.C.)</subfield><subfield code="v">Newspapers.</subfield></datafield><datafield ind1=" " ind2="7" tag="650"><subfield code="a">Gay liberation movement.</subfield><subfield code="2">fast</subfield><subfield code="0">(OCoLC)fst00939104</subfield></datafield><datafield ind1=" " ind2="7" tag="650"><subfield code="a">Gay men.</subfield><subfield code="2">fast</subfield><subfield code="0">(OCoLC)fst00939117</subfield></datafield><datafield ind1=" " ind2="7" tag="650"><subfield code="a">Gays.</subfield><subfield code="2">fast</subfield><subfield code="0">(OCoLC)fst00939255</subfield></datafield><datafield ind1=" " ind2="7" tag="650"><subfield code="a">Homosexuality.</subfield><subfield code="2">fast</subfield><subfield code="0">(OCoLC)fst00959755</subfield></datafield><datafield ind1=" " ind2="7" tag="650"><subfield code="a">Lesbians.</subfield><subfield code="2">fast</subfield><subfield code="0">(OCoLC)fst00996540</subfield></datafield><datafield ind1=" " ind2="7" tag="651"><subfield code="a">United States.</subfield><subfield code="2">fast</subfield><subfield code="0">(OCoLC)fst01204155</subfield></datafield><datafield ind1=" " ind2="7" tag="651"><subfield code="a">Washington (D.C.)</subfield><subfield code="2">fast</subfield><subfield code="0">(OCoLC)fst01204505</subfield></datafield><datafield ind1=" " ind2="7" tag="655"><subfield code="a">Newspapers.</subfield><subfield code="2">fast</subfield><subfield code="0">(OCoLC)fst01423814</subfield></datafield><datafield ind1=" " ind2=" " tag="752"><subfield code="a">United States</subfield><subfield code="b">District of Columbia</subfield><subfield code="d">Washington.</subfield></datafield><datafield ind1="0" ind2="0" tag="780"><subfield code="t">Blade</subfield><subfield code="x">0192-0383</subfield><subfield code="w">(DLC)sn 79003822</subfield><subfield code="w">(OCoLC)5005189</subfield></datafield><datafield ind1="1" ind2=" " tag="787"><subfield code="t">DC agenda</subfield><subfield code="x">2152-1417</subfield><subfield code="w">(DLC)  2009204436</subfield><subfield code="w">(OCoLC)469622180</subfield></datafield><datafield ind1=" " ind2=" " tag="850"><subfield code="a">IEN</subfield><subfield code="a">KyLoU</subfield><subfield code="a">MiU</subfield><subfield code="a">NIC</subfield><subfield code="a">NN</subfield><subfield code="a">NcD</subfield></datafield><datafield ind1="4" ind2="1" tag="856"><subfield code="u">http://www.washblade.com/</subfield></datafield></record>